<?xml version="1.0" encoding="UTF-8"?><collection xmlns="http://www.loc.gov/MARC21/slim"><record><leader>00407nam--2200133-i-4500</leader><controlfield tag="001">000001686</controlfield><controlfield tag="002">20161230</controlfield><controlfield tag="005">20161230201024</controlfield><controlfield tag="008">060222s1000------------r-----000-0-eng-d</controlfield><datafield ind1=" " ind2=" " tag="080"><subfield code="a">015:577.3:539.12.043</subfield></datafield><datafield ind1=" " ind2=" " tag="100"><subfield code="a">Dousset, Nicole</subfield></datafield><datafield ind1=" " ind2=" " tag="245"><subfield code="a">Action in vitro des radiations ionisantes sur les lipides sanguins.these</subfield></datafield><datafield ind1=" " ind2=" " tag="260"><subfield code="a">Toulouse, L Universite Paul Sabatier De Toulouse, 1971. 159 P</subfield></datafield><datafield ind1=" " ind2=" " tag="852"><subfield code="a">38202</subfield></datafield></record></collection>